<record><leader>00000cas a22000007a 4500</leader><controlfield tag="001">1770216</controlfield><controlfield tag="008">751101d18861939mnuir ne      0    0eng d</controlfield><datafield ind1=" " ind2=" " tag="010"><subfield code="a">sn 90057666 </subfield></datafield><datafield ind1=" " ind2=" " tag="040"><subfield code="a">MUL</subfield><subfield code="b">eng</subfield><subfield code="c">MUL</subfield><subfield code="d">OCL</subfield><subfield code="d">MN#</subfield><subfield code="d">OCLCQ</subfield><subfield code="d">OCLCF</subfield><subfield code="d">OCLCO</subfield></datafield><datafield ind1=" " ind2=" " tag="042"><subfield code="a">msc</subfield></datafield><datafield ind1=" " ind2=" " tag="043"><subfield code="a">n-us-mn</subfield></datafield><datafield ind1=" " ind2=" " tag="052"><subfield code="a">4144</subfield><subfield code="b">W9</subfield></datafield><datafield ind1=" " ind2=" " tag="052"><subfield code="a">4143</subfield><subfield code="b">N6</subfield></datafield><datafield ind1="0" ind2="4" tag="245"><subfield code="a">The Worthington globe.</subfield></datafield><datafield ind1=" " ind2=" " tag="260"><subfield code="a">Worthington, Nobles County, Minn. :</subfield><subfield code="b">Globe Pub. Co.,</subfield><subfield code="c">-1939.</subfield></datafield><datafield ind1=" " ind2=" " tag="300"><subfield code="a">v.</subfield></datafield><datafield ind1=" " ind2=" " tag="310"><subfield code="a">Triweekly,</subfield><subfield code="b">Oct. 12, 1937-Oct. 1, 1939</subfield></datafield><datafield ind1=" " ind2=" " tag="321"><subfield code="a">Weekly,</subfield><subfield code="b">&lt;Sept. 25, 1890&gt;-Sept. 7, 1933</subfield></datafield><datafield ind1=" " ind2=" " tag="321"><subfield code="a">Semiweekly,</subfield><subfield code="b">Sept. 12, 1933-Oct. 11, 1937</subfield></datafield><datafield ind1="1" ind2=" " tag="362"><subfield code="a">Began in Mar. 1886.</subfield></datafield><datafield ind1="0" ind2=" " tag="362"><subfield code="a">-68th year, no. 17 (Oct. 1, 1939).</subfield></datafield><datafield ind1=" " ind2=" " tag="530"><subfield code="a">Available on microfilm from the Minnesota Historical Society.</subfield></datafield><datafield ind1=" " ind2=" " tag="588"><subfield code="a">Description based on: Vol. 5, no. 28 (Sept. 25, 1890).</subfield></datafield><datafield ind1=" " ind2="0" tag="651"><subfield code="a">Worthington (Minn.)</subfield><subfield code="v">Newspapers.</subfield></datafield><datafield ind1=" " ind2="7" tag="655"><subfield code="a">Newspapers.</subfield><subfield code="2">fast</subfield><subfield code="0">(OCoLC)fst01423814</subfield></datafield><datafield ind1=" " ind2="7" tag="651"><subfield code="a">Minnesota</subfield><subfield code="z">Worthington.</subfield><subfield code="2">fast</subfield><subfield code="0">(OCoLC)fst01220212</subfield></datafield><datafield ind1=" " ind2=" " tag="752"><subfield code="a">United States</subfield><subfield code="b">Minnesota</subfield><subfield code="c">Nobles</subfield><subfield code="d">Worthington.</subfield></datafield><datafield ind1="0" ind2="5" tag="780"><subfield code="t">Advance-herald</subfield><subfield code="w">(DLC)sn 90057664</subfield></datafield><datafield ind1="0" ind2="5" tag="780"><subfield code="t">Worthington daily times</subfield><subfield code="w">(DLC)sn 90057677</subfield></datafield><datafield ind1="0" ind2="0" tag="785"><subfield code="t">Worthington daily globe</subfield><subfield code="w">(DLC)sn 83007916</subfield></datafield></record>